<record><leader>00000cas a22000007a 4500</leader><controlfield tag="001">11485544</controlfield><controlfield tag="008">841212d18991901mtuwr ne      0    0eng d</controlfield><datafield ind1=" " ind2=" " tag="010"><subfield code="a">sn 84036281 </subfield></datafield><datafield ind1=" " ind2=" " tag="040"><subfield code="a">MTL</subfield><subfield code="b">eng</subfield><subfield code="c">MTL</subfield><subfield code="d">OCLCQ</subfield></datafield><datafield ind1=" " ind2=" " tag="042"><subfield code="a">msc</subfield></datafield><datafield ind1="0" ind2=" " tag="130"><subfield code="a">Carbon County Democrat (Red Lodge, Mont.)</subfield></datafield><datafield ind1="1" ind2="0" tag="245"><subfield code="a">Carbon County Democrat.</subfield></datafield><datafield ind1=" " ind2=" " tag="260"><subfield code="a">Red Lodge, Mont. :</subfield><subfield code="b">Carbon County Democrat Pub. Co.,</subfield><subfield code="c">1899-1901.</subfield></datafield><datafield ind1=" " ind2=" " tag="300"><subfield code="a">2 v. :</subfield><subfield code="b">ill.</subfield></datafield><datafield ind1=" " ind2=" " tag="310"><subfield code="a">Weekly</subfield></datafield><datafield ind1="0" ind2=" " tag="362"><subfield code="a">Vol. 1, no. 1 (Nov. 29, 1899)-v. 2, no. 27 (May 29, 1901).</subfield></datafield><datafield ind1=" " ind2=" " tag="500"><subfield code="a">"It will advocate straight, clean-cut Democratic doctrines."</subfield></datafield><datafield ind1=" " ind2=" " tag="752"><subfield code="a">United States</subfield><subfield code="b">Montana</subfield><subfield code="c">Carbon</subfield><subfield code="d">Red Lodge.</subfield></datafield><datafield ind1="0" ind2="0" tag="785"><subfield code="t">Carbon County chronicle (Red Lodge, Mont. : 1901)</subfield><subfield code="w">(DLC)sn 84036282</subfield></datafield></record>